<?xml version="1.0" encoding="UTF-8"?><record xmlns="http://www.loc.gov/MARC21/slim" xmlns:cinclude="http://apache.org/cocoon/include/1.0" xmlns:zs="http://www.loc.gov/zing/srw/">
  <leader>00737cz  a2200145n  4500</leader>
  <controlfield tag="001">n 2004066845</controlfield>
  <controlfield tag="003">DLC</controlfield>
  <controlfield tag="005">20040113131817.0</controlfield>
  <controlfield tag="008">040113n| acannaabn          |a aaa      </controlfield>
  <datafield tag="010" ind1=" " ind2=" ">
    <subfield code="a">n 2004066845</subfield>
  </datafield>
  <datafield tag="040" ind1=" " ind2=" ">
    <subfield code="a">DLC</subfield>
    <subfield code="b">eng</subfield>
    <subfield code="c">DLC</subfield>
  </datafield>
  <datafield tag="100" ind1="1" ind2=" ">
    <subfield code="a">Read, Anne Elizabeth Stoney,</subfield>
    <subfield code="d">1847-1905</subfield>
  </datafield>
  <datafield tag="400" ind1="1" ind2=" ">
    <subfield code="a">Stoney, Anne Elizabeth,</subfield>
    <subfield code="d">1847-1905</subfield>
  </datafield>
  <datafield tag="670" ind1=" " ind2=" ">
    <subfield code="a">NUCMC data from South Carolina Historical Society for Read family papers, 1779-1920</subfield>
    <subfield code="b">(Anne Elizabeth (Stoney) Read (1847-1905))</subfield>
  </datafield>
  <datafield tag="670" ind1=" " ind2=" ">
    <subfield code="a">U.S. Census, 1880, Jan. 13, 2004</subfield>
    <subfield code="b">(Anne E. Read; Age: 33;   Estimated birth year: 1847; Birthplace: South Carolina; Relation:    Wife; Home in 1880: Pee Dee, Georgetown, South Carolina; Marital status: Married; Race: White; Head of household: J. Harleston Read)</subfield>
  </datafield>
</record>